<?xml version="1.0" encoding="UTF-8"?><collection xmlns="http://www.loc.gov/MARC21/slim"><record><leader>00666nam--2200181-i-4500</leader><controlfield tag="001">000049665</controlfield><controlfield tag="002">20161230</controlfield><controlfield tag="005">20161230201047</controlfield><controlfield tag="008">060222s1000------------r-----000-0-rus-d</controlfield><datafield ind1=" " ind2=" " tag="040"><subfield code="a">IFIN-HH</subfield></datafield><datafield ind1=" " ind2=" " tag="041"><subfield code="a">rus</subfield></datafield><datafield ind1=" " ind2=" " tag="080"><subfield code="a">539.261/262:548.73:543.842</subfield></datafield><datafield ind1="1" ind2=" " tag="100"><subfield code="a">Aslanov, L.A</subfield></datafield><datafield ind1="1" ind2="0" tag="245"><subfield code="a">Instrumentalnye metody rentgenostrukturnogo analiza. dopushcheno ministerstvom vysshego i srednego cpecialnogo obrazovaniia sssr d kachestve uchebnogo posobiia dlia studentov himicheskih specialnostei vysshih uchebnyh zavedenii</subfield><subfield code="c">L.a. aslanov</subfield></datafield><datafield ind1=" " ind2=" " tag="260"><subfield code="a">Moskva</subfield><subfield code="b">Moskovskovo Universiteta</subfield><subfield code="c">1983</subfield></datafield><datafield ind1=" " ind2=" " tag="300"><subfield code="a">288S</subfield></datafield><datafield ind1=" " ind2=" " tag="852"><subfield code="a">71565</subfield><subfield code="c">539.2</subfield></datafield><datafield ind1=" " ind2=" " tag="CAT"><subfield code="a">Sys</subfield><subfield code="c">20121107</subfield><subfield code="h">133834</subfield></datafield></record></collection>